<?xml version="1.0" encoding="UTF-8"?>
<record xmlns="http://www.loc.gov/MARC21/slim">
   <leader>02034cam a2200421 a 4500</leader>
   <controlfield tag="001">240239</controlfield>
   <controlfield tag="003">NjP</controlfield>
   <controlfield tag="005">20190705135903.0</controlfield>
   <controlfield tag="008">840830m19831995ir h          001 0 ara d</controlfield>
   <datafield tag="024" ind1="7" ind2=" ">
      <subfield code="a">princeton_aco003856</subfield>
      <subfield code="2">local</subfield>
   </datafield>
   <datafield ind1=" " ind2=" " tag="040">
      <subfield code="a">NjP</subfield>
      <subfield code="c">PUL</subfield>
      <subfield code="d">PUL</subfield>
   </datafield>
   <datafield ind1=" " ind2=" " tag="066">
      <subfield code="c">(3</subfield>
   </datafield>
   <datafield ind1=" " ind2=" " tag="035">
      <subfield code="a">(CStRLIN)NJPG84-B48158</subfield>
   </datafield>
   <datafield ind1=" " ind2=" " tag="035">
      <subfield code="9">ABF5319TS</subfield>
   </datafield>
   <datafield ind1=" " ind2=" " tag="035">
      <subfield code="a">(NjP)240239</subfield>
   </datafield>
   <datafield ind1=" " ind2=" " tag="049">
      <subfield code="a">PULL</subfield>
   </datafield>
   <datafield ind1=" " ind2=" " tag="035">
      <subfield code="a">(OCoLC)ocm16105967</subfield>
   </datafield>
   <datafield ind1="1" ind2=" " tag="100">
      <subfield code="6">880-01</subfield>
      <subfield code="a">Khūʼī, Abū al-Qāsim ibn ʻAlī Akbar,</subfield>
      <subfield code="d">1899-</subfield>
      <subfield code="0">http://id.loc.gov/authorities/names/n88630113</subfield>
   </datafield>
   <datafield ind1="1" ind2="0" tag="245">
      <subfield code="6">880-02</subfield>
      <subfield code="a">Muʻjam rijāl al-ḥadīth :</subfield>
      <subfield code="b">wa-tafṣīl ṭabaqāt al-ruwāh /</subfield>
      <subfield code="c">li-Abī al-Qāsim al-Mūsawī al-Khūʼī.</subfield>
   </datafield>
   <datafield ind1="3" ind2=" " tag="246">
      <subfield code="6">880-03</subfield>
      <subfield code="a">Muʻīn ʻalá Muʻjam rijāl al-ḥadīth</subfield>
   </datafield>
   <datafield ind1=" " ind2=" " tag="250">
      <subfield code="6">880-04</subfield>
      <subfield code="a">al-Ṭabʻah 3.</subfield>
   </datafield>
   <datafield ind1=" " ind2=" " tag="260">
      <subfield code="6">880-05</subfield>
      <subfield code="a">Qum, Īrān ;</subfield>
      <subfield code="b">Madīnat al-ʻIlm,</subfield>
      <subfield code="c">1983-1995.</subfield>
   </datafield>
   <datafield ind1=" " ind2=" " tag="300">
      <subfield code="a">23 v. :</subfield>
      <subfield code="b">facsim. ;</subfield>
      <subfield code="c">25 cm.</subfield>
   </datafield>
   <datafield ind1=" " ind2=" " tag="500">
      <subfield code="6">880-06</subfield>
      <subfield code="a">"Manshūrāt Madīnat al-ʻIlm, Āyat Allāh al-ʻUẓmá al-Khūʼī; 1."</subfield>
   </datafield>
   <datafield ind1=" " ind2=" " tag="500">
      <subfield code="6">880-07</subfield>
      <subfield code="a">"Ṭubiʻat al-ṭabʻah al-thālithah fī Bayrūt, Lubnān."</subfield>
   </datafield>
   <datafield ind1=" " ind2=" " tag="500">
      <subfield code="a">Includes indexes.</subfield>
   </datafield>
   <datafield ind1=" " ind2="0" tag="650">
      <subfield code="a">Hadith</subfield>
      <subfield code="x">Authorities.</subfield>
      <subfield code="0">http://id.loc.gov/authorities/subjects/sh85058194</subfield>
   </datafield>
   <datafield ind1="1" ind2=" " tag="880">
      <subfield code="6">100-01/(3/r</subfield>
      <subfield code="a">خوئي، ابو القاسم بن علي اكبر،</subfield>
      <subfield code="d">1899-</subfield>
   </datafield>
   <datafield ind1="1" ind2="0" tag="880">
      <subfield code="6">245-02/(3/r</subfield>
      <subfield code="a">معجم رجال الحديث :</subfield>
      <subfield code="b">وتفصيل طبقات الرواه /</subfield>
      <subfield code="c">لابي القاسم الموسوي الخوئي.</subfield>
   </datafield>
   <datafield ind1="3" ind2=" " tag="880">
      <subfield code="6">246-03/(3/r</subfield>
      <subfield code="a">معين على معجم رجال الحديث</subfield>
   </datafield>
   <datafield ind1=" " ind2=" " tag="880">
      <subfield code="6">250-04/(3/r</subfield>
      <subfield code="a">الطبعة 3.</subfield>
   </datafield>
   <datafield ind1=" " ind2=" " tag="880">
      <subfield code="6">260-05/(3/r</subfield>
      <subfield code="a">قم، ايران ؛</subfield>
      <subfield code="b">مدينة العلم،</subfield>
      <subfield code="c">1983-1995.</subfield>
   </datafield>
   <datafield ind1=" " ind2=" " tag="880">
      <subfield code="6">500-06/(3/r</subfield>
      <subfield code="a">"منشورات مدينة العلم، آية الله العظمى الخوئي؛ 1."</subfield>
   </datafield>
   <datafield ind1=" " ind2=" " tag="880">
      <subfield code="6">500-07/(3/r</subfield>
      <subfield code="a">"طبعة الطبعة الثالثة في بيروت، لبنان."</subfield>
   </datafield>
   <datafield ind1=" " ind2=" " tag="998">
      <subfield code="a">09/10/84</subfield>
      <subfield code="s">9114</subfield>
      <subfield code="n">NjP</subfield>
      <subfield code="w">NJPG84B48158</subfield>
      <subfield code="d">08/30/84</subfield>
      <subfield code="c">PIN</subfield>
      <subfield code="b">CS</subfield>
      <subfield code="i">840910</subfield>
      <subfield code="l">NJPG</subfield>
   </datafield>
   <datafield ind1=" " ind2=" " tag="911">
      <subfield code="a">19921028</subfield>
   </datafield>
   <datafield ind1=" " ind2=" " tag="912">
      <subfield code="a">19980521042406.0</subfield>
   </datafield>
   <datafield ind1=" " ind2=" " tag="994">
      <subfield code="a">C0</subfield>
      <subfield code="b">PUL</subfield>
   </datafield>
   <datafield ind1=" " ind2=" " tag="999">
      <subfield code="a">240239</subfield>
   </datafield>
   <datafield ind1=" " ind2=" " tag="979">
      <subfield code="a">(OCoLC)ocn175798601</subfield>
   </datafield>
   <datafield ind1="0" ind2="1" tag="852">
      <subfield code="0">263265</subfield>
      <subfield code="b">rcppa</subfield>
      <subfield code="h">BP136.48</subfield>
      <subfield code="i">.K45 1983</subfield>
      <subfield code="x">tr fr nec</subfield>
   </datafield>
   <datafield ind1=" " ind2="0" tag="866">
      <subfield code="0">263265</subfield>
      <subfield code="a">al-juzʼ 1-23 (published in 1415 [1995])</subfield>
   </datafield>
   <datafield ind1=" " ind2="0" tag="866">
      <subfield code="0">263265</subfield>
      <subfield code="x">DESIGNATOR: al-juzʼ</subfield>
   </datafield>
   <datafield ind1=" " ind2="0" tag="866">
      <subfield code="0">263265</subfield>
      <subfield code="x">Vol. 17 missing at time of transfer to recap 6/13/16.   mh</subfield>
   </datafield>
   <datafield ind1=" " ind2=" " tag="959">
      <subfield code="a">2000-06-13 00:00:00 -0400</subfield>
   </datafield>
</record>
